%YAML 1.1
%TAG !u! tag:unity3d.com,2011:
--- !u!1 &102028
GameObject:
  m_ObjectHideFlags: 0
  m_CorrespondingSourceObject: {fileID: 0}
  m_PrefabInstance: {fileID: 0}
  m_PrefabAsset: {fileID: 0}
  serializedVersion: 6
  m_Component:
  - component: {fileID: 474992}
  m_Layer: 0
  m_Name: lower_arm_r
  m_TagString: Untagged
  m_Icon: {fileID: 0}
  m_NavMeshLayer: 0
  m_StaticEditorFlags: 0
  m_IsActive: 1
--- !u!4 &474992
Transform:
  m_ObjectHideFlags: 0
  m_CorrespondingSourceObject: {fileID: 0}
  m_PrefabInstance: {fileID: 0}
  m_PrefabAsset: {fileID: 0}
  m_GameObject: {fileID: 102028}
  m_LocalRotation: {x: -0.7202066, y: 0.013741727, z: -0.07591929, w: 0.6894562}
  m_LocalPosition: {x: -0.59564066, y: 0.00000002514571, z: -0.000000011175871}
  m_LocalScale: {x: 0.99999994, y: 0.99999994, z: 0.9999999}
  m_Children:
  - {fileID: 438746}
  m_Father: {fileID: 411976}
  m_RootOrder: 0
  m_LocalEulerAnglesHint: {x: 0, y: 0, z: 0}
--- !u!1 &105398
GameObject:
  m_ObjectHideFlags: 0
  m_CorrespondingSourceObject: {fileID: 0}
  m_PrefabInstance: {fileID: 0}
  m_PrefabAsset: {fileID: 0}
  serializedVersion: 6
  m_Component:
  - component: {fileID: 494202}
  m_Layer: 0
  m_Name: upper_arm_l
  m_TagString: Untagged
  m_Icon: {fileID: 0}
  m_NavMeshLayer: 0
  m_StaticEditorFlags: 0
  m_IsActive: 1
--- !u!4 &494202
Transform:
  m_ObjectHideFlags: 0
  m_CorrespondingSourceObject: {fileID: 0}
  m_PrefabInstance: {fileID: 0}
  m_PrefabAsset: {fileID: 0}
  m_GameObject: {fileID: 105398}
  m_LocalRotation: {x: -0.71064425, y: 0.008145691, z: 0.13299245, w: 0.6908194}
  m_LocalPosition: {x: -0.40208858, y: 0.000000027474016, z: 0.00000035922858}
  m_LocalScale: {x: 0.99999994, y: 1.0000001, z: 0.99999994}
  m_Children:
  - {fileID: 457318}
  m_Father: {fileID: 454026}
  m_RootOrder: 0
  m_LocalEulerAnglesHint: {x: 0, y: 0, z: 0}
--- !u!1 &109728
GameObject:
  m_ObjectHideFlags: 0
  m_CorrespondingSourceObject: {fileID: 0}
  m_PrefabInstance: {fileID: 0}
  m_PrefabAsset: {fileID: 0}
  serializedVersion: 6
  m_Component:
  - component: {fileID: 483114}
  m_Layer: 0
  m_Name: back_weapon_mount_r
  m_TagString: Untagged
  m_Icon: {fileID: 0}
  m_NavMeshLayer: 0
  m_StaticEditorFlags: 0
  m_IsActive: 1
--- !u!4 &483114
Transform:
  m_ObjectHideFlags: 0
  m_CorrespondingSourceObject: {fileID: 0}
  m_PrefabInstance: {fileID: 0}
  m_PrefabAsset: {fileID: 0}
  m_GameObject: {fileID: 109728}
  m_LocalRotation: {x: 0.38713783, y: 0.629066, z: 0.5917132, w: 0.32291788}
  m_LocalPosition: {x: -0.96869814, y: -0.5322897, z: -0.2665912}
  m_LocalScale: {x: 0.99999994, y: 0.9999999, z: 0.9999998}
  m_Children: []
  m_Father: {fileID: 439304}
  m_RootOrder: 1
  m_LocalEulerAnglesHint: {x: 0, y: 0, z: 0}
--- !u!1 &114724
GameObject:
  m_ObjectHideFlags: 0
  m_CorrespondingSourceObject: {fileID: 0}
  m_PrefabInstance: {fileID: 0}
  m_PrefabAsset: {fileID: 0}
  serializedVersion: 6
  m_Component:
  - component: {fileID: 446674}
  m_Layer: 0
  m_Name: neck
  m_TagString: Untagged
  m_Icon: {fileID: 0}
  m_NavMeshLayer: 0
  m_StaticEditorFlags: 0
  m_IsActive: 1
--- !u!4 &446674
Transform:
  m_ObjectHideFlags: 0
  m_CorrespondingSourceObject: {fileID: 0}
  m_PrefabInstance: {fileID: 0}
  m_PrefabAsset: {fileID: 0}
  m_GameObject: {fileID: 114724}
  m_LocalRotation: {x: -0.00000052141814, y: 0.05253322, z: -0.000000027638274, w: 0.9986192}
  m_LocalPosition: {x: -0.5773677, y: 0.00000004359015, z: -0.000000007450581}
  m_LocalScale: {x: 1, y: 1.0000001, z: 1}
  m_Children:
  - {fileID: 412490}
  m_Father: {fileID: 439304}
  m_RootOrder: 2
  m_LocalEulerAnglesHint: {x: 0, y: 0, z: 0}
--- !u!1 &114768
GameObject:
  m_ObjectHideFlags: 0
  m_CorrespondingSourceObject: {fileID: 0}
  m_PrefabInstance: {fileID: 0}
  m_PrefabAsset: {fileID: 0}
  serializedVersion: 6
  m_Component:
  - component: {fileID: 411976}
  m_Layer: 0
  m_Name: upper_arm_r
  m_TagString: Untagged
  m_Icon: {fileID: 0}
  m_NavMeshLayer: 0
  m_StaticEditorFlags: 0
  m_IsActive: 1
--- !u!4 &411976
Transform:
  m_ObjectHideFlags: 0
  m_CorrespondingSourceObject: {fileID: 0}
  m_PrefabInstance: {fileID: 0}
  m_PrefabAsset: {fileID: 0}
  m_GameObject: {fileID: 114768}
  m_LocalRotation: {x: 0.7106443, y: 0.008145585, z: -0.13299246, w: 0.6908193}
  m_LocalPosition: {x: -0.4020884, y: 0.000000008381903, z: 0.00000035914127}
  m_LocalScale: {x: 1, y: 1, z: 1}
  m_Children:
  - {fileID: 474992}
  m_Father: {fileID: 459776}
  m_RootOrder: 0
  m_LocalEulerAnglesHint: {x: 0, y: 0, z: 0}
--- !u!1 &117306
GameObject:
  m_ObjectHideFlags: 0
  m_CorrespondingSourceObject: {fileID: 0}
  m_PrefabInstance: {fileID: 0}
  m_PrefabAsset: {fileID: 0}
  serializedVersion: 6
  m_Component:
  - component: {fileID: 454026}
  m_Layer: 0
  m_Name: shoulder_l
  m_TagString: Untagged
  m_Icon: {fileID: 0}
  m_NavMeshLayer: 0
  m_StaticEditorFlags: 0
  m_IsActive: 1
--- !u!4 &454026
Transform:
  m_ObjectHideFlags: 0
  m_CorrespondingSourceObject: {fileID: 0}
  m_PrefabInstance: {fileID: 0}
  m_PrefabAsset: {fileID: 0}
  m_GameObject: {fileID: 117306}
  m_LocalRotation: {x: 0.32465416, y: 0.60361683, z: -0.54023504, w: -0.48825452}
  m_LocalPosition: {x: -0.46384943, y: -0.10090537, z: 0.07116923}
  m_LocalScale: {x: 1.0000001, y: 1, z: 1}
  m_Children:
  - {fileID: 494202}
  m_Father: {fileID: 439304}
  m_RootOrder: 3
  m_LocalEulerAnglesHint: {x: 0, y: 0, z: 0}
--- !u!1 &120044
GameObject:
  m_ObjectHideFlags: 0
  m_CorrespondingSourceObject: {fileID: 0}
  m_PrefabInstance: {fileID: 0}
  m_PrefabAsset: {fileID: 0}
  serializedVersion: 6
  m_Component:
  - component: {fileID: 457318}
  m_Layer: 0
  m_Name: lower_arm_l
  m_TagString: Untagged
  m_Icon: {fileID: 0}
  m_NavMeshLayer: 0
  m_StaticEditorFlags: 0
  m_IsActive: 1
--- !u!4 &457318
Transform:
  m_ObjectHideFlags: 0
  m_CorrespondingSourceObject: {fileID: 0}
  m_PrefabInstance: {fileID: 0}
  m_PrefabAsset: {fileID: 0}
  m_GameObject: {fileID: 120044}
  m_LocalRotation: {x: 0.7202066, y: 0.013741603, z: 0.07591929, w: 0.6894562}
  m_LocalPosition: {x: -0.5956407, y: 0.00000011280645, z: -0.000000005587935}
  m_LocalScale: {x: 0.9999998, y: 0.99999994, z: 0.9999998}
  m_Children:
  - {fileID: 459656}
  m_Father: {fileID: 494202}
  m_RootOrder: 0
  m_LocalEulerAnglesHint: {x: 0, y: 0, z: 0}
--- !u!1 &123100
GameObject:
  m_ObjectHideFlags: 0
  m_CorrespondingSourceObject: {fileID: 0}
  m_PrefabInstance: {fileID: 0}
  m_PrefabAsset: {fileID: 0}
  serializedVersion: 6
  m_Component:
  - component: {fileID: 450346}
  m_Layer: 0
  m_Name: toes_r
  m_TagString: Untagged
  m_Icon: {fileID: 0}
  m_NavMeshLayer: 0
  m_StaticEditorFlags: 0
  m_IsActive: 1
--- !u!4 &450346
Transform:
  m_ObjectHideFlags: 0
  m_CorrespondingSourceObject: {fileID: 0}
  m_PrefabInstance: {fileID: 0}
  m_PrefabAsset: {fileID: 0}
  m_GameObject: {fileID: 123100}
  m_LocalRotation: {x: 0.7145447, y: -0.0000015024267, z: -0.6995898, w: -0.0000026657538}
  m_LocalPosition: {x: -0.4947096, y: 0.000000011191547, z: 0.000000002150273}
  m_LocalScale: {x: 0.9999998, y: 0.99999994, z: 0.99999994}
  m_Children: []
  m_Father: {fileID: 415600}
  m_RootOrder: 0
  m_LocalEulerAnglesHint: {x: 0, y: 0, z: 0}
--- !u!1 &137920
GameObject:
  m_ObjectHideFlags: 0
  m_CorrespondingSourceObject: {fileID: 0}
  m_PrefabInstance: {fileID: 0}
  m_PrefabAsset: {fileID: 0}
  serializedVersion: 6
  m_Component:
  - component: {fileID: 444476}
  m_Layer: 0
  m_Name: mid_spine
  m_TagString: Untagged
  m_Icon: {fileID: 0}
  m_NavMeshLayer: 0
  m_StaticEditorFlags: 0
  m_IsActive: 1
--- !u!4 &444476
Transform:
  m_ObjectHideFlags: 0
  m_CorrespondingSourceObject: {fileID: 0}
  m_PrefabInstance: {fileID: 0}
  m_PrefabAsset: {fileID: 0}
  m_GameObject: {fileID: 137920}
  m_LocalRotation: {x: 0.00000029639534, y: -0.11306874, z: 0.000000034700783, w: 0.9935872}
  m_LocalPosition: {x: -0.44605517, y: 0.000000033676255, z: 0.000000022351742}
  m_LocalScale: {x: 1, y: 1.0000001, z: 1}
  m_Children:
  - {fileID: 439304}
  m_Father: {fileID: 489112}
  m_RootOrder: 2
  m_LocalEulerAnglesHint: {x: 0, y: 0, z: 0}
--- !u!1 &142058
GameObject:
  m_ObjectHideFlags: 0
  m_CorrespondingSourceObject: {fileID: 0}
  m_PrefabInstance: {fileID: 0}
  m_PrefabAsset: {fileID: 0}
  serializedVersion: 6
  m_Component:
  - component: {fileID: 480630}
  m_Layer: 0
  m_Name: lower_leg_r
  m_TagString: Untagged
  m_Icon: {fileID: 0}
  m_NavMeshLayer: 0
  m_StaticEditorFlags: 0
  m_IsActive: 1
--- !u!4 &480630
Transform:
  m_ObjectHideFlags: 0
  m_CorrespondingSourceObject: {fileID: 0}
  m_PrefabInstance: {fileID: 0}
  m_PrefabAsset: {fileID: 0}
  m_GameObject: {fileID: 142058}
  m_LocalRotation: {x: 0.01829183, y: -0.07352766, z: -0.0007982258, w: 0.9971251}
  m_LocalPosition: {x: -0.9017879, y: 0.000000081025064, z: 0.000000005587935}
  m_LocalScale: {x: 1.0000001, y: 0.99999994, z: 1.0000002}
  m_Children:
  - {fileID: 415600}
  m_Father: {fileID: 476050}
  m_RootOrder: 0
  m_LocalEulerAnglesHint: {x: 0, y: 0, z: 0}
--- !u!1 &142982
GameObject:
  m_ObjectHideFlags: 0
  m_CorrespondingSourceObject: {fileID: 0}
  m_PrefabInstance: {fileID: 0}
  m_PrefabAsset: {fileID: 0}
  serializedVersion: 6
  m_Component:
  - component: {fileID: 443806}
  m_Layer: 0
  m_Name: back_weapon_mount_l
  m_TagString: Untagged
  m_Icon: {fileID: 0}
  m_NavMeshLayer: 0
  m_StaticEditorFlags: 0
  m_IsActive: 1
--- !u!4 &443806
Transform:
  m_ObjectHideFlags: 0
  m_CorrespondingSourceObject: {fileID: 0}
  m_PrefabInstance: {fileID: 0}
  m_PrefabAsset: {fileID: 0}
  m_GameObject: {fileID: 142982}
  m_LocalRotation: {x: -0.3871382, y: 0.6290656, z: -0.59171367, w: 0.3229173}
  m_LocalPosition: {x: -0.9799553, y: 0.5322893, z: -0.37328762}
  m_LocalScale: {x: 1, y: 0.9999999, z: 1}
  m_Children: []
  m_Father: {fileID: 439304}
  m_RootOrder: 0
  m_LocalEulerAnglesHint: {x: 0, y: 0, z: 0}
--- !u!1 &145664
GameObject:
  m_ObjectHideFlags: 0
  m_CorrespondingSourceObject: {fileID: 0}
  m_PrefabInstance: {fileID: 0}
  m_PrefabAsset: {fileID: 0}
  serializedVersion: 6
  m_Component:
  - component: {fileID: 429436}
  m_Layer: 0
  m_Name: hip_mount_l
  m_TagString: Untagged
  m_Icon: {fileID: 0}
  m_NavMeshLayer: 0
  m_StaticEditorFlags: 0
  m_IsActive: 1
--- !u!4 &429436
Transform:
  m_ObjectHideFlags: 0
  m_CorrespondingSourceObject: {fileID: 0}
  m_PrefabInstance: {fileID: 0}
  m_PrefabAsset: {fileID: 0}
  m_GameObject: {fileID: 145664}
  m_LocalRotation: {x: 6.5671174e-10, y: 0.81728977, z: 0.00000069761967, w: 0.5762269}
  m_LocalPosition: {x: -0.3019721, y: -0.5411858, z: -0.051472414}
  m_LocalScale: {x: 1, y: 1.0000001, z: 1}
  m_Children: []
  m_Father: {fileID: 489112}
  m_RootOrder: 0
  m_LocalEulerAnglesHint: {x: 0, y: 0, z: 0}
--- !u!1 &151192
GameObject:
  m_ObjectHideFlags: 0
  m_CorrespondingSourceObject: {fileID: 0}
  m_PrefabInstance: {fileID: 0}
  m_PrefabAsset: {fileID: 0}
  serializedVersion: 6
  m_Component:
  - component: {fileID: 438746}
  m_Layer: 0
  m_Name: hand_r
  m_TagString: Untagged
  m_Icon: {fileID: 0}
  m_NavMeshLayer: 0
  m_StaticEditorFlags: 0
  m_IsActive: 1
--- !u!4 &438746
Transform:
  m_ObjectHideFlags: 0
  m_CorrespondingSourceObject: {fileID: 0}
  m_PrefabInstance: {fileID: 0}
  m_PrefabAsset: {fileID: 0}
  m_GameObject: {fileID: 151192}
  m_LocalRotation: {x: 0.0001233363, y: -0.0015286773, z: 0.008579347, w: 0.99996203}
  m_LocalPosition: {x: -0.4927768, y: 0.000000042869033, z: -0.000000030839374}
  m_LocalScale: {x: 0.9999999, y: 1, z: 1}
  m_Children:
  - {fileID: 442832}
  m_Father: {fileID: 474992}
  m_RootOrder: 0
  m_LocalEulerAnglesHint: {x: 0, y: 0, z: 0}
--- !u!1 &154398
GameObject:
  m_ObjectHideFlags: 0
  m_CorrespondingSourceObject: {fileID: 0}
  m_PrefabInstance: {fileID: 0}
  m_PrefabAsset: {fileID: 0}
  serializedVersion: 6
  m_Component:
  - component: {fileID: 442832}
  m_Layer: 0
  m_Name: weapon_mount_r
  m_TagString: Untagged
  m_Icon: {fileID: 0}
  m_NavMeshLayer: 0
  m_StaticEditorFlags: 0
  m_IsActive: 1
--- !u!4 &442832
Transform:
  m_ObjectHideFlags: 0
  m_CorrespondingSourceObject: {fileID: 0}
  m_PrefabInstance: {fileID: 0}
  m_PrefabAsset: {fileID: 0}
  m_GameObject: {fileID: 154398}
  m_LocalRotation: {x: -0.7069065, y: -0.0055866307, z: 0.016831586, w: 0.70708466}
  m_LocalPosition: {x: -0.30825612, y: -0.0010817196, z: -0.03061159}
  m_LocalScale: {x: 0.9999998, y: 0.9999997, z: 0.9999998}
  m_Children: []
  m_Father: {fileID: 438746}
  m_RootOrder: 0
  m_LocalEulerAnglesHint: {x: 0, y: 0, z: 0}
--- !u!1 &155538
GameObject:
  m_ObjectHideFlags: 0
  m_CorrespondingSourceObject: {fileID: 0}
  m_PrefabInstance: {fileID: 0}
  m_PrefabAsset: {fileID: 0}
  serializedVersion: 6
  m_Component:
  - component: {fileID: 489334}
  m_Layer: 0
  m_Name: Armature
  m_TagString: Untagged
  m_Icon: {fileID: 0}
  m_NavMeshLayer: 0
  m_StaticEditorFlags: 0
  m_IsActive: 1
--- !u!4 &489334
Transform:
  m_ObjectHideFlags: 0
  m_CorrespondingSourceObject: {fileID: 0}
  m_PrefabInstance: {fileID: 0}
  m_PrefabAsset: {fileID: 0}
  m_GameObject: {fileID: 155538}
  m_LocalRotation: {x: -0.00000003774895, y: 0, z: -0, w: 1}
  m_LocalPosition: {x: 0, y: 0, z: 0}
  m_LocalScale: {x: 0.33945563, y: 0.33945563, z: 0.33945563}
  m_Children:
  - {fileID: 491958}
  m_Father: {fileID: 447530}
  m_RootOrder: 0
  m_LocalEulerAnglesHint: {x: 0, y: 0, z: 0}
--- !u!1 &156860
GameObject:
  m_ObjectHideFlags: 0
  m_CorrespondingSourceObject: {fileID: 0}
  m_PrefabInstance: {fileID: 0}
  m_PrefabAsset: {fileID: 0}
  serializedVersion: 6
  m_Component:
  - component: {fileID: 476050}
  m_Layer: 0
  m_Name: upper_leg_r
  m_TagString: Untagged
  m_Icon: {fileID: 0}
  m_NavMeshLayer: 0
  m_StaticEditorFlags: 0
  m_IsActive: 1
--- !u!4 &476050
Transform:
  m_ObjectHideFlags: 0
  m_CorrespondingSourceObject: {fileID: 0}
  m_PrefabInstance: {fileID: 0}
  m_PrefabAsset: {fileID: 0}
  m_GameObject: {fileID: 156860}
  m_LocalRotation: {x: 0.9943065, y: -0.022434074, z: 0.10134601, w: -0.024090681}
  m_LocalPosition: {x: -0.41963494, y: 0.29902154, z: -0.030478189}
  m_LocalScale: {x: 0.99999994, y: 1.0000001, z: 1.0000001}
  m_Children:
  - {fileID: 480630}
  m_Father: {fileID: 491958}
  m_RootOrder: 2
  m_LocalEulerAnglesHint: {x: 0, y: 0, z: 0}
--- !u!1 &162030
GameObject:
  m_ObjectHideFlags: 0
  m_CorrespondingSourceObject: {fileID: 0}
  m_PrefabInstance: {fileID: 0}
  m_PrefabAsset: {fileID: 0}
  serializedVersion: 6
  m_Component:
  - component: {fileID: 423650}
  - component: {fileID: 13758054}
  m_Layer: 0
  m_Name: SrpgcChibit
  m_TagString: Untagged
  m_Icon: {fileID: 0}
  m_NavMeshLayer: 0
  m_StaticEditorFlags: 0
  m_IsActive: 1
--- !u!4 &423650
Transform:
  m_ObjectHideFlags: 0
  m_CorrespondingSourceObject: {fileID: 0}
  m_PrefabInstance: {fileID: 0}
  m_PrefabAsset: {fileID: 0}
  m_GameObject: {fileID: 162030}
  m_LocalRotation: {x: -0.7071069, y: 0, z: -0, w: 0.70710677}
  m_LocalPosition: {x: 0, y: 0, z: 0}
  m_LocalScale: {x: 2.9458933, y: 2.9458933, z: 2.9458933}
  m_Children: []
  m_Father: {fileID: 447530}
  m_RootOrder: 1
  m_LocalEulerAnglesHint: {x: 0, y: 0, z: 0}
--- !u!137 &13758054
SkinnedMeshRenderer:
  m_ObjectHideFlags: 0
  m_CorrespondingSourceObject: {fileID: 0}
  m_PrefabInstance: {fileID: 0}
  m_PrefabAsset: {fileID: 0}
  m_GameObject: {fileID: 162030}
  m_Enabled: 1
  m_CastShadows: 1
  m_ReceiveShadows: 1
  m_DynamicOccludee: 1
  m_MotionVectors: 1
  m_LightProbeUsage: 0
  m_ReflectionProbeUsage: 2
  m_RenderingLayerMask: 1
  m_RendererPriority: 0
  m_Materials:
  - {fileID: 2100000, guid: aebf77ba837f8554997824740714dbdb, type: 2}
  m_StaticBatchInfo:
    firstSubMesh: 0
    subMeshCount: 0
  m_StaticBatchRoot: {fileID: 0}
  m_ProbeAnchor: {fileID: 0}
  m_LightProbeVolumeOverride: {fileID: 0}
  m_ScaleInLightmap: 1
  m_PreserveUVs: 0
  m_IgnoreNormalsForChartDetection: 0
  m_ImportantGI: 0
  m_StitchLightmapSeams: 0
  m_SelectedEditorRenderState: 3
  m_MinimumChartSize: 4
  m_AutoUVMaxDistance: 0.5
  m_AutoUVMaxAngle: 89
  m_LightmapParameters: {fileID: 0}
  m_SortingLayerID: 0
  m_SortingLayer: 0
  m_SortingOrder: 0
  serializedVersion: 2
  m_Quality: 0
  m_UpdateWhenOffscreen: 0
  m_SkinnedMotionVectors: 1
  m_Mesh: {fileID: 4300000, guid: 67246f1ad15e74f428eac4f5a601119e, type: 3}
  m_Bones:
  - {fileID: 491958}
  - {fileID: 489112}
  - {fileID: 444476}
  - {fileID: 439304}
  - {fileID: 446674}
  - {fileID: 412490}
  - {fileID: 454026}
  - {fileID: 494202}
  - {fileID: 457318}
  - {fileID: 459656}
  - {fileID: 459776}
  - {fileID: 411976}
  - {fileID: 474992}
  - {fileID: 438746}
  - {fileID: 427824}
  - {fileID: 493838}
  - {fileID: 421464}
  - {fileID: 401046}
  - {fileID: 476050}
  - {fileID: 480630}
  - {fileID: 415600}
  - {fileID: 450346}
  m_BlendShapeWeights: []
  m_RootBone: {fileID: 491958}
  m_AABB:
    m_Center: {x: -0.07345557, y: 0.00000059604645, z: 0.152691}
    m_Extent: {x: 2.7099693, y: 2.2245302, z: 0.93669343}
  m_DirtyAABB: 0
--- !u!1 &169380
GameObject:
  m_ObjectHideFlags: 0
  m_CorrespondingSourceObject: {fileID: 0}
  m_PrefabInstance: {fileID: 0}
  m_PrefabAsset: {fileID: 0}
  serializedVersion: 6
  m_Component:
  - component: {fileID: 439304}
  m_Layer: 0
  m_Name: upper_spine
  m_TagString: Untagged
  m_Icon: {fileID: 0}
  m_NavMeshLayer: 0
  m_StaticEditorFlags: 0
  m_IsActive: 1
--- !u!4 &439304
Transform:
  m_ObjectHideFlags: 0
  m_CorrespondingSourceObject: {fileID: 0}
  m_PrefabInstance: {fileID: 0}
  m_PrefabAsset: {fileID: 0}
  m_GameObject: {fileID: 169380}
  m_LocalRotation: {x: 0.00000021710605, y: -0.02653674, z: 0.000000022106036, w: 0.99964786}
  m_LocalPosition: {x: -0.43003857, y: 0.000000032467003, z: 0}
  m_LocalScale: {x: 0.9999999, y: 1, z: 0.9999999}
  m_Children:
  - {fileID: 443806}
  - {fileID: 483114}
  - {fileID: 446674}
  - {fileID: 454026}
  - {fileID: 459776}
  m_Father: {fileID: 444476}
  m_RootOrder: 0
  m_LocalEulerAnglesHint: {x: 0, y: 0, z: 0}
--- !u!1 &169526
GameObject:
  m_ObjectHideFlags: 0
  m_CorrespondingSourceObject: {fileID: 0}
  m_PrefabInstance: {fileID: 0}
  m_PrefabAsset: {fileID: 0}
  serializedVersion: 6
  m_Component:
  - component: {fileID: 491958}
  m_Layer: 0
  m_Name: hips
  m_TagString: Untagged
  m_Icon: {fileID: 0}
  m_NavMeshLayer: 0
  m_StaticEditorFlags: 0
  m_IsActive: 1
--- !u!4 &491958
Transform:
  m_ObjectHideFlags: 0
  m_CorrespondingSourceObject: {fileID: 0}
  m_PrefabInstance: {fileID: 0}
  m_PrefabAsset: {fileID: 0}
  m_GameObject: {fileID: 169526}
  m_LocalRotation: {x: 0.70452917, y: 0.7045289, z: 0.060321912, w: -0.060323402}
  m_LocalPosition: {x: 0.0000001287691, y: 2.7421572, z: 0.077508956}
  m_LocalScale: {x: 0.9999998, y: 0.99999976, z: 0.9999998}
  m_Children:
  - {fileID: 489112}
  - {fileID: 427824}
  - {fileID: 476050}
  m_Father: {fileID: 489334}
  m_RootOrder: 0
  m_LocalEulerAnglesHint: {x: 0, y: 0, z: 0}
--- !u!1 &170386
GameObject:
  m_ObjectHideFlags: 0
  m_CorrespondingSourceObject: {fileID: 0}
  m_PrefabInstance: {fileID: 0}
  m_PrefabAsset: {fileID: 0}
  serializedVersion: 6
  m_Component:
  - component: {fileID: 415600}
  m_Layer: 0
  m_Name: foot_r
  m_TagString: Untagged
  m_Icon: {fileID: 0}
  m_NavMeshLayer: 0
  m_StaticEditorFlags: 0
  m_IsActive: 1
--- !u!4 &415600
Transform:
  m_ObjectHideFlags: 0
  m_CorrespondingSourceObject: {fileID: 0}
  m_PrefabInstance: {fileID: 0}
  m_PrefabAsset: {fileID: 0}
  m_GameObject: {fileID: 170386}
  m_LocalRotation: {x: 0.9978037, y: -0.021173356, z: -0.046358142, w: 0.042313766}
  m_LocalPosition: {x: -0.93536747, y: 0.00000006752089, z: 0.00000000372529}
  m_LocalScale: {x: 1.0000002, y: 0.99999976, z: 0.99999994}
  m_Children:
  - {fileID: 450346}
  m_Father: {fileID: 480630}
  m_RootOrder: 0
  m_LocalEulerAnglesHint: {x: 0, y: 0, z: 0}
--- !u!1 &171340
GameObject:
  m_ObjectHideFlags: 0
  m_CorrespondingSourceObject: {fileID: 0}
  m_PrefabInstance: {fileID: 0}
  m_PrefabAsset: {fileID: 0}
  serializedVersion: 6
  m_Component:
  - component: {fileID: 459776}
  m_Layer: 0
  m_Name: shoulder_r
  m_TagString: Untagged
  m_Icon: {fileID: 0}
  m_NavMeshLayer: 0
  m_StaticEditorFlags: 0
  m_IsActive: 1
--- !u!4 &459776
Transform:
  m_ObjectHideFlags: 0
  m_CorrespondingSourceObject: {fileID: 0}
  m_PrefabInstance: {fileID: 0}
  m_PrefabAsset: {fileID: 0}
  m_GameObject: {fileID: 171340}
  m_LocalRotation: {x: -0.32465354, y: 0.6036175, z: 0.5402344, w: -0.4882549}
  m_LocalPosition: {x: -0.46384943, y: 0.1009056, z: 0.07116902}
  m_LocalScale: {x: 1.0000001, y: 1, z: 1.0000001}
  m_Children:
  - {fileID: 411976}
  m_Father: {fileID: 439304}
  m_RootOrder: 4
  m_LocalEulerAnglesHint: {x: 0, y: 0, z: 0}
--- !u!1 &178002
GameObject:
  m_ObjectHideFlags: 0
  m_CorrespondingSourceObject: {fileID: 0}
  m_PrefabInstance: {fileID: 0}
  m_PrefabAsset: {fileID: 0}
  serializedVersion: 6
  m_Component:
  - component: {fileID: 412490}
  m_Layer: 0
  m_Name: head
  m_TagString: Untagged
  m_Icon: {fileID: 0}
  m_NavMeshLayer: 0
  m_StaticEditorFlags: 0
  m_IsActive: 1
--- !u!4 &412490
Transform:
  m_ObjectHideFlags: 0
  m_CorrespondingSourceObject: {fileID: 0}
  m_PrefabInstance: {fileID: 0}
  m_PrefabAsset: {fileID: 0}
  m_GameObject: {fileID: 178002}
  m_LocalRotation: {x: -1.1369074e-13, y: 0, z: 0, w: 1}
  m_LocalPosition: {x: -0.27030444, y: 0.000000020407436, z: 3.9671e-10}
  m_LocalScale: {x: 1, y: 1, z: 1}
  m_Children: []
  m_Father: {fileID: 446674}
  m_RootOrder: 0
  m_LocalEulerAnglesHint: {x: 0, y: 0, z: 0}
--- !u!1 &186742
GameObject:
  m_ObjectHideFlags: 0
  m_CorrespondingSourceObject: {fileID: 0}
  m_PrefabInstance: {fileID: 0}
  m_PrefabAsset: {fileID: 0}
  serializedVersion: 6
  m_Component:
  - component: {fileID: 425208}
  m_Layer: 0
  m_Name: hip_mount_r
  m_TagString: Untagged
  m_Icon: {fileID: 0}
  m_NavMeshLayer: 0
  m_StaticEditorFlags: 0
  m_IsActive: 1
--- !u!4 &425208
Transform:
  m_ObjectHideFlags: 0
  m_CorrespondingSourceObject: {fileID: 0}
  m_PrefabInstance: {fileID: 0}
  m_PrefabAsset: {fileID: 0}
  m_GameObject: {fileID: 186742}
  m_LocalRotation: {x: 0.00000012276396, y: 0.81728977, z: -0.0000006976386, w: 0.5762269}
  m_LocalPosition: {x: -0.301972, y: 0.5411858, z: -0.051472414}
  m_LocalScale: {x: 1, y: 1.0000001, z: 1}
  m_Children: []
  m_Father: {fileID: 489112}
  m_RootOrder: 1
  m_LocalEulerAnglesHint: {x: 0, y: 0, z: 0}
--- !u!1 &187834
GameObject:
  m_ObjectHideFlags: 0
  m_CorrespondingSourceObject: {fileID: 0}
  m_PrefabInstance: {fileID: 0}
  m_PrefabAsset: {fileID: 0}
  serializedVersion: 6
  m_Component:
  - component: {fileID: 421464}
  m_Layer: 0
  m_Name: foot_l
  m_TagString: Untagged
  m_Icon: {fileID: 0}
  m_NavMeshLayer: 0
  m_StaticEditorFlags: 0
  m_IsActive: 1
--- !u!4 &421464
Transform:
  m_ObjectHideFlags: 0
  m_CorrespondingSourceObject: {fileID: 0}
  m_PrefabInstance: {fileID: 0}
  m_PrefabAsset: {fileID: 0}
  m_GameObject: {fileID: 187834}
  m_LocalRotation: {x: 0.9978037, y: 0.021173269, z: -0.046358123, w: -0.04231413}
  m_LocalPosition: {x: -0.93536747, y: 0.0000000402797, z: 0.000000014901161}
  m_LocalScale: {x: 1.0000002, y: 0.9999998, z: 0.99999994}
  m_Children:
  - {fileID: 401046}
  m_Father: {fileID: 493838}
  m_RootOrder: 0
  m_LocalEulerAnglesHint: {x: 0, y: 0, z: 0}
--- !u!1 &189222
GameObject:
  m_ObjectHideFlags: 0
  m_CorrespondingSourceObject: {fileID: 0}
  m_PrefabInstance: {fileID: 0}
  m_PrefabAsset: {fileID: 0}
  serializedVersion: 6
  m_Component:
  - component: {fileID: 401046}
  m_Layer: 0
  m_Name: toes_l
  m_TagString: Untagged
  m_Icon: {fileID: 0}
  m_NavMeshLayer: 0
  m_StaticEditorFlags: 0
  m_IsActive: 1
--- !u!4 &401046
Transform:
  m_ObjectHideFlags: 0
  m_CorrespondingSourceObject: {fileID: 0}
  m_PrefabInstance: {fileID: 0}
  m_PrefabAsset: {fileID: 0}
  m_GameObject: {fileID: 189222}
  m_LocalRotation: {x: 0.7145448, y: 0.000001399763, z: -0.6995898, w: 0.0000026710923}
  m_LocalPosition: {x: -0.4947096, y: 0.000000018757214, z: -9.4542e-10}
  m_LocalScale: {x: 0.99999976, y: 1, z: 1}
  m_Children: []
  m_Father: {fileID: 421464}
  m_RootOrder: 0
  m_LocalEulerAnglesHint: {x: 0, y: 0, z: 0}
--- !u!1 &190226
GameObject:
  m_ObjectHideFlags: 0
  m_CorrespondingSourceObject: {fileID: 0}
  m_PrefabInstance: {fileID: 0}
  m_PrefabAsset: {fileID: 0}
  serializedVersion: 6
  m_Component:
  - component: {fileID: 422890}
  m_Layer: 0
  m_Name: weapon_mount_l
  m_TagString: Untagged
  m_Icon: {fileID: 0}
  m_NavMeshLayer: 0
  m_StaticEditorFlags: 0
  m_IsActive: 1
--- !u!4 &422890
Transform:
  m_ObjectHideFlags: 0
  m_CorrespondingSourceObject: {fileID: 0}
  m_PrefabInstance: {fileID: 0}
  m_PrefabAsset: {fileID: 0}
  m_GameObject: {fileID: 190226}
  m_LocalRotation: {x: 0.7069065, y: -0.0055867364, z: -0.016831582, w: 0.70708466}
  m_LocalPosition: {x: -0.3082562, y: 0.0010817624, z: -0.030611541}
  m_LocalScale: {x: 0.9999998, y: 0.9999997, z: 0.99999976}
  m_Children: []
  m_Father: {fileID: 459656}
  m_RootOrder: 0
  m_LocalEulerAnglesHint: {x: 0, y: 0, z: 0}
--- !u!1 &190898
GameObject:
  m_ObjectHideFlags: 0
  m_CorrespondingSourceObject: {fileID: 0}
  m_PrefabInstance: {fileID: 0}
  m_PrefabAsset: {fileID: 0}
  serializedVersion: 6
  m_Component:
  - component: {fileID: 427824}
  m_Layer: 0
  m_Name: upper_leg_l
  m_TagString: Untagged
  m_Icon: {fileID: 0}
  m_NavMeshLayer: 0
  m_StaticEditorFlags: 0
  m_IsActive: 1
--- !u!4 &427824
Transform:
  m_ObjectHideFlags: 0
  m_CorrespondingSourceObject: {fileID: 0}
  m_PrefabInstance: {fileID: 0}
  m_PrefabAsset: {fileID: 0}
  m_GameObject: {fileID: 190898}
  m_LocalRotation: {x: 0.9943064, y: 0.022433102, z: 0.1013461, w: 0.024095709}
  m_LocalPosition: {x: -0.41963533, y: -0.29902148, z: -0.030476814}
  m_LocalScale: {x: 1.0000001, y: 1, z: 1.0000002}
  m_Children:
  - {fileID: 493838}
  m_Father: {fileID: 491958}
  m_RootOrder: 1
  m_LocalEulerAnglesHint: {x: 0, y: 0, z: 0}
--- !u!1 &191274
GameObject:
  m_ObjectHideFlags: 0
  m_CorrespondingSourceObject: {fileID: 0}
  m_PrefabInstance: {fileID: 0}
  m_PrefabAsset: {fileID: 0}
  serializedVersion: 6
  m_Component:
  - component: {fileID: 489112}
  m_Layer: 0
  m_Name: lower_spine
  m_TagString: Untagged
  m_Icon: {fileID: 0}
  m_NavMeshLayer: 0
  m_StaticEditorFlags: 0
  m_IsActive: 1
--- !u!4 &489112
Transform:
  m_ObjectHideFlags: 0
  m_CorrespondingSourceObject: {fileID: 0}
  m_PrefabInstance: {fileID: 0}
  m_PrefabAsset: {fileID: 0}
  m_GameObject: {fileID: 191274}
  m_LocalRotation: {x: 0.00000036179972, y: 0.9999982, z: -0.0000011501475, w: -0.0018938332}
  m_LocalPosition: {x: -0.37758332, y: 0.0000001506805, z: 0.016367473}
  m_LocalScale: {x: 0.9999998, y: 1, z: 0.9999998}
  m_Children:
  - {fileID: 429436}
  - {fileID: 425208}
  - {fileID: 444476}
  m_Father: {fileID: 491958}
  m_RootOrder: 0
  m_LocalEulerAnglesHint: {x: 0, y: 0, z: 0}
--- !u!1 &197726
GameObject:
  m_ObjectHideFlags: 0
  m_CorrespondingSourceObject: {fileID: 0}
  m_PrefabInstance: {fileID: 0}
  m_PrefabAsset: {fileID: 0}
  serializedVersion: 6
  m_Component:
  - component: {fileID: 459656}
  m_Layer: 0
  m_Name: hand_l
  m_TagString: Untagged
  m_Icon: {fileID: 0}
  m_NavMeshLayer: 0
  m_StaticEditorFlags: 0
  m_IsActive: 1
--- !u!4 &459656
Transform:
  m_ObjectHideFlags: 0
  m_CorrespondingSourceObject: {fileID: 0}
  m_PrefabInstance: {fileID: 0}
  m_PrefabAsset: {fileID: 0}
  m_GameObject: {fileID: 197726}
  m_LocalRotation: {x: -0.00012329924, y: -0.0015286775, z: -0.008579349, w: 0.99996203}
  m_LocalPosition: {x: -0.49277678, y: 0.000000028482468, z: 0.0000002504637}
  m_LocalScale: {x: 0.9999999, y: 1, z: 0.9999999}
  m_Children:
  - {fileID: 422890}
  m_Father: {fileID: 457318}
  m_RootOrder: 0
  m_LocalEulerAnglesHint: {x: 0, y: 0, z: 0}
--- !u!1 &198336
GameObject:
  m_ObjectHideFlags: 0
  m_CorrespondingSourceObject: {fileID: 0}
  m_PrefabInstance: {fileID: 0}
  m_PrefabAsset: {fileID: 0}
  serializedVersion: 6
  m_Component:
  - component: {fileID: 493838}
  m_Layer: 0
  m_Name: lower_leg_l
  m_TagString: Untagged
  m_Icon: {fileID: 0}
  m_NavMeshLayer: 0
  m_StaticEditorFlags: 0
  m_IsActive: 1
--- !u!4 &493838
Transform:
  m_ObjectHideFlags: 0
  m_CorrespondingSourceObject: {fileID: 0}
  m_PrefabInstance: {fileID: 0}
  m_PrefabAsset: {fileID: 0}
  m_GameObject: {fileID: 198336}
  m_LocalRotation: {x: -0.018291809, y: -0.07352764, z: 0.0007982276, w: 0.9971251}
  m_LocalPosition: {x: -0.9017878, y: 0.000000034691766, z: -0.000000007450581}
  m_LocalScale: {x: 1, y: 0.9999999, z: 1.0000001}
  m_Children:
  - {fileID: 421464}
  m_Father: {fileID: 427824}
  m_RootOrder: 0
  m_LocalEulerAnglesHint: {x: 0, y: 0, z: 0}
--- !u!1 &199290
GameObject:
  m_ObjectHideFlags: 0
  m_CorrespondingSourceObject: {fileID: 0}
  m_PrefabInstance: {fileID: 0}
  m_PrefabAsset: {fileID: 0}
  serializedVersion: 6
  m_Component:
  - component: {fileID: 447530}
  - component: {fileID: 9591460}
  - component: {fileID: 11485478}
  - component: {fileID: 19516398}
  - component: {fileID: 11453268}
  m_Layer: 0
  m_Name: SrpgcPlayer_NavmeshAgent
  m_TagString: Player
  m_Icon: {fileID: 0}
  m_NavMeshLayer: 0
  m_StaticEditorFlags: 0
  m_IsActive: 1
--- !u!4 &447530
Transform:
  m_ObjectHideFlags: 0
  m_CorrespondingSourceObject: {fileID: 0}
  m_PrefabInstance: {fileID: 0}
  m_PrefabAsset: {fileID: 0}
  m_GameObject: {fileID: 199290}
  m_LocalRotation: {x: 0, y: 0, z: 0, w: 1}
  m_LocalPosition: {x: 0, y: 0, z: 0}
  m_LocalScale: {x: 1, y: 1, z: 1}
  m_Children:
  - {fileID: 489334}
  - {fileID: 423650}
  m_Father: {fileID: 0}
  m_RootOrder: 0
  m_LocalEulerAnglesHint: {x: 0, y: 0, z: 0}
--- !u!95 &9591460
Animator:
  serializedVersion: 3
  m_ObjectHideFlags: 0
  m_CorrespondingSourceObject: {fileID: 0}
  m_PrefabInstance: {fileID: 0}
  m_PrefabAsset: {fileID: 0}
  m_GameObject: {fileID: 199290}
  m_Enabled: 1
  m_Avatar: {fileID: 9000000, guid: 67246f1ad15e74f428eac4f5a601119e, type: 3}
  m_Controller: {fileID: 9100000, guid: d99c8eeb3a08c3f40a606f4a842d9f3a, type: 2}
  m_CullingMode: 1
  m_UpdateMode: 1
  m_ApplyRootMotion: 0
  m_LinearVelocityBlending: 0
  m_WarningMessage: 
  m_HasTransformHierarchy: 1
  m_AllowConstantClipSamplingOptimization: 1
  m_KeepAnimatorControllerStateOnDisable: 0
--- !u!114 &11485478
MonoBehaviour:
  m_ObjectHideFlags: 0
  m_CorrespondingSourceObject: {fileID: 0}
  m_PrefabInstance: {fileID: 0}
  m_PrefabAsset: {fileID: 0}
  m_GameObject: {fileID: 199290}
  m_Enabled: 1
  m_EditorHideFlags: 0
  m_Script: {fileID: 11500000, guid: cef127791c2d7f34c93ca746f611b56c, type: 3}
  m_Name: 
  m_EditorClassIdentifier: 
--- !u!195 &19516398
NavMeshAgent:
  m_ObjectHideFlags: 0
  m_CorrespondingSourceObject: {fileID: 0}
  m_PrefabInstance: {fileID: 0}
  m_PrefabAsset: {fileID: 0}
  m_GameObject: {fileID: 199290}
  m_Enabled: 1
  m_AgentTypeID: 0
  m_Radius: 0.5
  m_Speed: 4
  m_Acceleration: 100
  avoidancePriority: 50
  m_AngularSpeed: 500
  m_StoppingDistance: 0
  m_AutoTraverseOffMeshLink: 1
  m_AutoBraking: 1
  m_AutoRepath: 1
  m_Height: 2
  m_BaseOffset: 0
  m_WalkableMask: 4294967295
  m_ObstacleAvoidanceType: 4
--- !u!114 &11453268
MonoBehaviour:
  m_ObjectHideFlags: 0
  m_CorrespondingSourceObject: {fileID: 0}
  m_PrefabInstance: {fileID: 0}
  m_PrefabAsset: {fileID: 0}
  m_GameObject: {fileID: 199290}
  m_Enabled: 1
  m_EditorHideFlags: 0
  m_Script: {fileID: 11500000, guid: 5f035e3b775359f409d75e2a54fe271a, type: 3}
  m_Name: 
  m_EditorClassIdentifier: 
  maxRayDistance: 100
  clickableLayers:
    serializedVersion: 2
    m_Bits: 1
  speedFloat: Speed
